@article{deceptive,
	title={Multimodal Deceptive Functions},
	author={Deb, Kalyanmoy and Horn, Jeffrey and Goldberg, David E.},
	journal={Complex Systems},
	volume={7},
	number={2},
	pages={131--154},
	year={1993},
	publisher={[Champaign, IL, USA: Complex Systems Publications, Inc., c1987-}
}

@inproceedings{p3,
	title={Parameter-less Population Pyramid},
	author={Goldman, Brian W. and Punch, William F.},
	booktitle={Proceedings of the 2014 Annual Conference on Genetic and Evolutionary Computation},
	pages={785--792},
	year={2014}
}

@inproceedings{dsmga2,
	title={Optimization by Pairwise Linkage Detection, Incremental Linkage Set, and Restricted / Back Mixing: DSMGA-II},
	author={Hsu, Shih-Huan and Yu, Tian-Li},
	booktitle={Proceedings of the 2015 Annual Conference on Genetic and Evolutionary Computation},
	pages={519--526},
	year={2015}
}

@inproceedings{dsmga2e,
	author = {Chen, Ping-Lin and Peng, Chun-Jen and Lu, Chang-Yi and Yu, Tian-Li},
	title = {Two-edge Graphical Linkage Model for DSMGA-II},
	booktitle = {Proceedings of the Genetic and Evolutionary Computation Conference},
	series = {GECCO '17},
	year = {2017},
	pages = {745--752}
}

@inproceedings{ltga,
	title={Hierarchical problem solving with the linkage tree genetic algorithm},
	author={Thierens, Dirk and Bosman, Peter A.N.},
	booktitle={Proceeding of the 2013 Annual Conference on Genetic and Evolutionary Computation Conference},
	pages={877--884},
	year={2013}
}

@inproceedings{om,
 author = {Thierens, Dirk and Bosman, Peter A.N.},
 title = {Optimal Mixing Evolutionary Algorithms},
 booktitle = {Proceedings of the 13th Annual Conference on Genetic and Evolutionary Computation},
 series = {GECCO '11},
 year = {2011},
 pages = {617--624},
 numpages = {8}
} 

@inproceedings{fp3,
 author = {Komarnicki, Marcin M. and Przewozniczek, Michal W.},
 title = {Parameter-less Population Pyramid with Feedback},
 booktitle = {Proceedings of the Genetic and Evolutionary Computation Conference Companion},
 series = {GECCO '17},
 year = {2017},
 pages = {109--110},
 numpages = {2}
} 

@article{mutualInformation,
	author = "Kullback, S. and Leibler, R. A.",
	fjournal = "The Annals of Mathematical Statistics",
	journal = "Ann. Math. Statist.",
	number = "1",
	pages = "79--86",
	publisher = "The Institute of Mathematical Statistics",
	title = "On Information and Sufficiency",
	volume = "22",
	year = "1951"
}

@article{decFunc,
	author    = {Kalyanmoy Deb and
	David E. Goldberg},
	title     = {Sufficient Conditions for Deceptive and Easy Binary Functions},
	journal   = {Ann. Math. Artif. Intell.},
	volume    = {10},
	number    = {4},
	pages     = {385--408},
	year      = {1993}
}

@inproceedings{cyclicTrap,
 author = {Yu, Tian-Li and Sastry, Kumara and Goldberg, David E.},
 title = {Linkage Learning, Overlapping Building Blocks, and Systematic Strategy for Scalable Recombination},
 booktitle = {Proceedings of the 7th Annual Conference on Genetic and Evolutionary Computation},
 series = {GECCO '05},
 year = {2005},
 pages = {1217--1224},
 numpages = {8}
} 


@article{p3Add,
	author = {Goldman, B. W. and Punch, W. F.},
	title = {Fast and Efficient Black Box Optimization Using the Parameter-less Population Pyramid},
	journal = {Evol. Comput.},
	volume = {23},
	number = {3},
	year = {2015},
	pages = {451--479},
	numpages = {29}
} 

@inproceedings{p3Runtime,
	author = {Goldman, Brian W. and Sudholt, Dirk},
	title = {Runtime Analysis for the Parameter-less Population Pyramid},
	booktitle = {Proceedings of the Genetic and Evolutionary Computation Conference 2016},
	series = {GECCO '16},
	year = {2016},
	pages = {669--676},
	numpages = {8}
} 

@inproceedings{ltgaOriginal,
	author="Thierens, Dirk",
	title="The Linkage Tree Genetic Algorithm",
	bookTitle="Parallel Problem Solving from Nature, PPSN XI: 11th International Conference, Krak{\'o}w, Poland, September 11-15, 2010, Proceedings, Part I",
	year="2010",
	pages="264--273"
}