@article{deceptive,
	title={Multimodal Deceptive Functions},
	author={Deb, Kalyanmoy and Horn, Jeffrey and Goldberg, David E.},
	journal={Complex Systems},
	volume={7},
	number={2},
	pages={131--154},
	year={1993},
	publisher={[Champaign, IL, USA: Complex Systems Publications, Inc., c1987-}
}

@inproceedings{p3,
	title={Parameter-less Population Pyramid},
	author={Goldman, Brian W. and Punch, William F.},
	booktitle={Proceedings of the 2014 Annual Conference on Genetic and Evolutionary Computation},
	pages={785--792},
	year={2014}
}

@inproceedings{dsmga2,
	title={Optimization by Pairwise Linkage Detection, Incremental Linkage Set, and Restricted / Back Mixing: DSMGA-II},
	author={Hsu, Shih-Huan and Yu, Tian-Li},
	booktitle={Proceedings of the 2015 Annual Conference on Genetic and Evolutionary Computation},
	pages={519--526},
	year={2015}
}

@inproceedings{dsmga2e,
	author = {Chen, Ping-Lin and Peng, Chun-Jen and Lu, Chang-Yi and Yu, Tian-Li},
	title = {Two-edge Graphical Linkage Model for DSMGA-II},
	booktitle = {Proceedings of the Genetic and Evolutionary Computation Conference},
	series = {GECCO '17},
	year = {2017},
	pages = {745--752}
}

@inproceedings{lltga,
	title={Hierarchical problem solving with the linkage tree genetic algorithm},
	author={Thierens, Dirk and Bosman, Peter A.N.},
	booktitle={Proceeding of the 2013 Annual Conference on Genetic and Evolutionary Computation Conference},
	pages={877--884},
	year={2013},
	organization={ACM}
}