
@inproceedings{dsmga2e,
	author = {Chen, Ping-Lin and Peng, Chun-Jen and Lu, Chang-Yi and Yu, Tian-Li},
	title = {Two-edge Graphical Linkage Model for DSMGA-II},
	booktitle = {Proceedings of the Genetic and Evolutionary Computation Conference},
	series = {GECCO '17},
	year = {2017},
	isbn = {978-1-4503-4920-8},
	location = {Berlin, Germany},
	pages = {745--752},
	numpages = {8},
	url = {http://doi.acm.org/10.1145/3071178.3071236},
	doi = {10.1145/3071178.3071236},
	acmid = {3071236},
	publisher = {ACM},
	address = {New York, NY, USA},
	keywords = {estimation-of-distribution algorithm, genetic algorithm, linkage learning, model building},
}

@inproceedings{P3Original,
	author = {Goldman, Brian W. and Punch, William F.},
	title = {Parameter-less Population Pyramid},
	booktitle = {Proceedings of the 2014 Annual Conference on Genetic and Evolutionary Computation},
	series = {GECCO '14},
	year = {2014},
	isbn = {978-1-4503-2662-9},
	location = {Vancouver, BC, Canada},
	pages = {785--792},
	numpages = {8},
	url = {http://doi.acm.org/10.1145/2576768.2598350},
	doi = {10.1145/2576768.2598350},
	acmid = {2598350},
	publisher = {ACM},
	address = {New York, NY, USA},
	keywords = {linkage learning, local search, parameter-less},
}

@article{Myszkowski2015,
	author    = {Pawel B. Myszkowski and
	Marek E. Skowronski and
	Lukasz P. Olech and
	Krzysztof Oslizlo},
	title     = {Hybrid ant colony optimization in solving multi-skill resource-constrained
	project scheduling problem},
	journal   = {Soft Comput.},
	volume    = {19},
	number    = {12},
	pages     = {3599--3619},
	year      = {2015}
}



@article{MuPPetSeon,
	author = {Przewozniczek, Michal and Goscie\'{n}, R\'{o}\.{z}a and Walkowiak, Krzysztof and Klinkowski, Miroslaw},
	title = {Towards Solving Practical Problems of Large Solution Space Using a Novel Pattern Searching Hybrid Evolutionary Algorithm - An Elastic Optical Network Optimization Case Study},
	journal = {Expert Syst. Appl.},
	issue_date = {November 2015},
	volume = {42},
	number = {21},
	month = nov,
	year = {2015},
	issn = {0957-4174},
	pages = {7781--7796},
	numpages = {16},
	url = {http://dx.doi.org/10.1016/j.eswa.2015.05.040},
	doi = {10.1016/j.eswa.2015.05.040},
	acmid = {2828286},
	publisher = {Pergamon Press, Inc.},
	address = {Tarrytown, NY, USA},
	keywords = {Anycasting, Elastic optical networks, Gene patterns, Genetic algorithm, Large solution space size, Linkage learning, MuPPetS, Optimization, Routing and spectrum allocation},
}



@INPROCEEDINGS{PEACh,
	author={M. W. Przewozniczek},
	booktitle={2017 IEEE Congress on Evolutionary Computation (CEC)},
	title={Problem Encoding Allowing Cheap Fitness Computation of Mutated Individuals},
	year={2017},
	volume={},
	number={},
	pages={308-316},
	keywords={evolutionary computation;PEACh;computation load measurement;evolutionary computation;fitness function evaluation number;problem encoding-allowing-cheap fitness computation-of-mutated individuals;Bayes methods;Computational modeling;Encoding;Evolutionary computation;Load modeling;Optimization;Time complexity;Computation Load Measurement;Dynamic Subpopulation Number Control;Evolutionary Algorithms;Fitness Computation Optimization;Irregular Fitness Computation Cost;Linkage Learning;Messy Coding;Problem Encoding},
	doi={10.1109/CEC.2017.7969328},
	ISSN={},
	month={June},}

@article{MuPPetS,
	title={Multi Population Pattern Searching Algorithm: A New Evolutionary Method Based on the Idea of Messy Genetic Algorithm},
	author={Halina Kwasnicka and Michal Przewozniczek},
	journal={IEEE Trans. Evolutionary Computation},
	year={2011},
	volume={15},
	pages={715-734}
}

@Article{SurrogateModel,
	author="Jones, Donald R.",
	title="A Taxonomy of Global Optimization Methods Based on Response Surfaces",
	journal="Journal of Global Optimization",
	year="2001",
	month="Dec",
	day="01",
	volume="21",
	number="4",
	pages="345--383",
	abstract="This paper presents a taxonomy of existing approaches for using response surfaces for global optimization. Each method is illustrated with a simple numerical example that brings out its advantages and disadvantages. The central theme is that methods that seem quite reasonable often have non-obvious failure modes. Understanding these failure modes is essential for the development of practical algorithms that fulfill the intuitive promise of the response surface approach.",
	issn="1573-2916",
	doi="10.1023/A:1012771025575",
	url="https://doi.org/10.1023/A:1012771025575"
}


@inproceedings{dsmga2,
	author = {Hsu, Shih-Huan and Yu, Tian-Li},
	title = {Optimization by Pairwise Linkage Detection, Incremental Linkage Set, and Restricted / Back Mixing: DSMGA-II},
	booktitle = {Proceedings of the 2015 Annual Conference on Genetic and Evolutionary Computation},
	series = {GECCO '15},
	year = {2015},
	isbn = {978-1-4503-3472-3},
	location = {Madrid, Spain},
	pages = {519--526},
	numpages = {8},
	url = {http://doi.acm.org/10.1145/2739480.2754737},
	doi = {10.1145/2739480.2754737},
	acmid = {2754737},
	publisher = {ACM},
	address = {New York, NY, USA},
	keywords = {estimation-of-distribution algorithm, genetic algorithm, linkage learning, model building.},
}





@inproceedings{ltgaOriginal,
	author="Thierens, Dirk",
	title="The Linkage Tree Genetic Algorithm",
	bookTitle="Parallel Problem Solving from Nature, PPSN XI: 11th International Conference, Krak{\'o}w, Poland, September 11-15, 2010, Proceedings, Part I",
	year="2010",
	publisher="Springer Berlin Heidelberg",
	address="Berlin, Heidelberg",
	pages="264--273",
	isbn="978-3-642-15844-5",
	doi="10.1007/978-3-642-15844-5_27",
	url="https://doi.org/10.1007/978-3-642-15844-5_27"
}


@inproceedings{ltga,
	author = {Thierens, Dirk and Bosman, Peter A.N.},
	title = {Hierarchical Problem Solving with the Linkage Tree Genetic Algorithm},
	booktitle = {Proceedings of the 15th Annual Conference on Genetic and Evolutionary Computation},
	series = {GECCO '13},
	year = {2013},
	isbn = {978-1-4503-1963-8},
	location = {Amsterdam, The Netherlands},
	pages = {877--884},
	numpages = {8},
	url = {http://doi.acm.org/10.1145/2463372.2463477},
	doi = {10.1145/2463372.2463477},
	acmid = {2463477},
	publisher = {ACM},
	address = {New York, NY, USA},
	keywords = {estimation-of-distribution algorithms, evolutionary computation, hierarchical problems, hiff, htrap, linkage learning, linkage tree genetic algorithm, optimal mixing},
} 


@article{P3add,
	author = {Goldman, B. W. and Punch, W. F.},
	title = {Fast and Efficient Black Box Optimization Using the Parameter-less Population Pyramid},
	journal = {Evol. Comput.},
	issue_date = {Fall 2015},
	volume = {23},
	number = {3},
	month = sep,
	year = {2015},
	issn = {1063-6560},
	pages = {451--479},
	numpages = {29},
	url = {https://doi.org/10.1162/EVCO_a_00148},
	doi = {10.1162/EVCO_a_00148},
	acmid = {2845893},
	publisher = {MIT Press},
	address = {Cambridge, MA, USA},
	keywords = {Genetic algorithms, linkage learning, local search, parameter-less},
} 



@article{mutualInformation,
	author = "Kullback, S. and Leibler, R. A.",
	fjournal = "The Annals of Mathematical Statistics",
	journal = "Ann. Math. Statist.",
	number = "1",
	pages = "79--86",
	publisher = "The Institute of Mathematical Statistics",
	title = "On Information and Sufficiency",
	volume = "22",
	year = "1951"
}



@inproceedings{P3runtime,
	author = {Goldman, Brian W. and Sudholt, Dirk},
	title = {Runtime Analysis for the Parameter-less Population Pyramid},
	booktitle = {Proceedings of the Genetic and Evolutionary Computation Conference 2016},
	series = {GECCO '16},
	year = {2016},
	isbn = {978-1-4503-4206-3},
	location = {Denver, Colorado, USA},
	pages = {669--676},
	numpages = {8},
	url = {http://doi.acm.org/10.1145/2908812.2908846},
	doi = {10.1145/2908812.2908846},
	acmid = {2908846},
	publisher = {ACM},
	address = {New York, NY, USA},
	keywords = {black-box complexity, genetic algorithms, runtime analysis, theory},
}


@INPROCEEDINGS{hiff2,
	author={R. A. Watson and J. B. Pollack},
	booktitle={Proceedings of the 1999 Congress on Evolutionary Computation-CEC99 (Cat. No. 99TH8406)},
	title={Hierarchically consistent test problems for genetic algorithms},
	year={1999},
	volume={2},
	number={},
	pages={1413 Vol. 2},
	keywords={genetic algorithms;search problems;Royal Road problem;above-average-fitness low-order schemata;building-block hypothesis;building-block test problems;genetic algorithms;hierarchical consistency;hierarchically consistent test problems;multi-level hierarchical structure;recombinative process;recursive problems;search;Computer science;Genetic algorithms;Genetic mutations;Testing},
	doi={10.1109/CEC.1999.782647},
	ISSN={},
	month={},
}











